<record xmlns="http://www.loc.gov/MARC21/slim" xmlns:xsi="http://www.w3.org/2001/XMLSchema-instance" xsi:schemaLocation="http://www.loc.gov/MARC21/slim http://www.loc.gov/standards/marcxml/schema/MARC21slim.xsd"><leader>00037nz   2200037n  4500</leader><controlfield tag="001">DNB|118636502</controlfield><controlfield tag="003">DNB</controlfield><controlfield tag="005">20061124234953.0</controlfield><controlfield tag="008">880701|||azznnaa|||||||||||| a|aaa|||| d</controlfield><datafield ind1="7" ind2=" " tag="016"><subfield code="a">118636502</subfield><subfield code="2">GyFmDB</subfield></datafield><datafield ind1=" " ind2=" " tag="035"><subfield code="a">(SWD)4067596-8</subfield></datafield><datafield ind1=" " ind2=" " tag="040"><subfield code="a">DNB</subfield><subfield code="b">ger</subfield><subfield code="d">9999</subfield><subfield code="f">RAK-PND</subfield></datafield><datafield ind1=" " ind2=" " tag="043"><subfield code="a">XS---</subfield><subfield code="2">SWD-ISO3166</subfield></datafield><datafield ind1="2" ind2=" " tag="045"><subfield code="b">dv330</subfield><subfield code="b">dv260</subfield></datafield><datafield ind1=" " ind2=" " tag="065"><subfield code="a">11.2p</subfield><subfield code="5">SWD</subfield></datafield><datafield ind1=" " ind2=" " tag="065"><subfield code="a">12.1p</subfield><subfield code="5">SWD</subfield></datafield><datafield ind1=" " ind2=" " tag="072"><subfield code="a">grc</subfield><subfield code="2">ISO639-2</subfield></datafield><datafield ind1="0" ind2=" " tag="100"><subfield code="a">Zenodotus,</subfield><subfield code="c">Ephesius</subfield><subfield code="d">v330-v260</subfield></datafield><datafield ind1="0" ind2=" " tag="400"><subfield code="a">Zenodot,</subfield><subfield code="c">von Ephesus</subfield><subfield code="d">v330-v260</subfield></datafield><datafield ind1="0" ind2=" " tag="400"><subfield code="a">Zenodotus,</subfield><subfield code="c">Grammaticus</subfield><subfield code="d">v330-v260</subfield></datafield><datafield ind1="0" ind2=" " tag="400"><subfield code="a">Zenodotus,</subfield><subfield code="c">Historicus</subfield><subfield code="d">v330-v260</subfield></datafield><datafield ind1="0" ind2=" " tag="400"><subfield code="a">Zenodotus,</subfield><subfield code="c">of Ephesus</subfield><subfield code="d">v330-v260</subfield></datafield><datafield ind1="0" ind2=" " tag="400"><subfield code="a">Zenodotos,</subfield><subfield code="c">von Ephesos</subfield><subfield code="d">v330-v260</subfield></datafield><datafield ind1="0" ind2=" " tag="400"><subfield code="a">Zenodotos,</subfield><subfield code="c">Philologe</subfield><subfield code="d">v330-v260</subfield></datafield><datafield ind1="0" ind2=" " tag="400"><subfield code="a">Zenodotos,</subfield><subfield code="c">Schüler des Philetas</subfield><subfield code="d">v330-v260</subfield></datafield><datafield ind1="0" ind2=" " tag="400"><subfield code="a">Zenodoto,</subfield><subfield code="c">di Efeso</subfield><subfield code="d">v330-v260</subfield></datafield><datafield ind1="0" ind2=" " tag="400"><subfield code="a">Zenodoto,</subfield><subfield code="c">Filologo Alessandrino</subfield><subfield code="d">v330-v260</subfield></datafield><datafield ind1="0" ind2=" " tag="400"><subfield code="a">Zenodoto,</subfield><subfield code="c">Direttore della Biblioteca di Alessandria</subfield><subfield code="d">v330-v260</subfield></datafield><datafield ind1="0" ind2=" " tag="400"><subfield code="a">Zénodote,</subfield><subfield code="c">d'Ephèse</subfield><subfield code="d">v330-v260</subfield></datafield><datafield ind1="0" ind2=" " tag="400"><subfield code="a">Zenodot</subfield><subfield code="d">v330-v260</subfield></datafield><datafield ind1=" " ind2=" " tag="667"><subfield code="a">TITAN</subfield></datafield><datafield ind1=" " ind2=" " tag="670"><subfield code="a">PAN</subfield></datafield><datafield ind1=" " ind2=" " tag="678"><subfield code="a">Geburts- u. Todesjahr ca.;</subfield><subfield code="a">Griech. Philologe, Grammatiker</subfield></datafield><datafield ind1="0" ind2="7" tag="700"><subfield code="a">Zenodot,</subfield><subfield code="c">von Ephesos</subfield><subfield code="d">v330-v260</subfield><subfield code="2">Other Rules</subfield></datafield><datafield ind1=" " ind2=" " tag="922"><subfield code="a">gr</subfield><subfield code="9">1</subfield></datafield><datafield ind1=" " ind2=" " tag="945"><subfield code="a">15</subfield><subfield code="9">1</subfield></datafield></record>